@inproceedings{raise,
  title={Raise: A raw images dataset for digital image forensics},
  author={Dang-Nguyen, Duc-Tien and Pasquini, Cecilia and Conotter, Valentina and Boato, Giulia},
  booktitle={Proceedings of the 6th ACM Multimedia Systems Conference},
  pages={219--224},
  year={2015}
}